<?xml version="1.0" encoding="UTF-8"?><collection xmlns="http://www.loc.gov/MARC21/slim"><record><leader>00399nam--2200133-i-4500</leader><controlfield tag="001">000041042</controlfield><controlfield tag="002">20161230</controlfield><controlfield tag="005">20161230201042</controlfield><controlfield tag="008">060222s1000------------r-----000-0-eng-d</controlfield><datafield ind1=" " ind2=" " tag="100"><subfield code="a">Searle, C.L., Harris, J.N.And Gray, P.E</subfield></datafield><datafield ind1=" " ind2=" " tag="245"><subfield code="a">Digital transisstor circuits</subfield></datafield><datafield ind1=" " ind2=" " tag="260"><subfield code="a">New York, John Wiley &amp; Sons, Inc., 1966, Xv+221p</subfield></datafield><datafield ind1=" " ind2=" " tag="490"><subfield code="a">Semiconductor Electronics Education Committee</subfield></datafield><datafield ind1=" " ind2=" " tag="852"><subfield code="a">22084</subfield></datafield></record></collection>